@book{demidovich67,
  author = "Б. П. Демидович and И. Ф. Марон and Э. З. Шувалова",
  title = "Численные методы анализа. Приближение функций,
                  дифференциальные и интегральные уравнения",
  publisher = "Наука",
  year = 1967,
  numpages = 368,
  address = "М.",
  language = "russian"
}

@book{polyanin03,
  author = "А. Д. Полянин and А. В. Манжиров",
  title = "Справочник по интегральным уравнениям",
  publisher = "Физматлит",
  year = 2003,
  language = "russian",
  address =      "М.",
  numpages = 603
}

@book{bahvalov01,
  author = "Н. С. Бахвалов and Н. П. Жидков and Г. М. Кобельков",
  title = "Численные методы",
  publisher = "Физматлит",
  year = 2001,
  address = "М.",
  language = "russian"
}